@article{Ritter12,
	author = {Gordon Ritter},
	title = {Deep Hedging},
	journaltitle = {IEEE 2012},
	date = {12.11.2009},
}

@article{Tishby2000,
	archivePrefix = {arXiv},
	arxivId = {physics/0004057},
	author = {Tishby, Naftali and Pereira, Fernando C. and Bialek, William},
	doi = {10.1108/eb040537},
	eprint = {0004057},
	file = {:Users/wgiersche/Library/Application Support/Mendeley Desktop/Downloaded/Tishby, Pereira, Bialek - 2000 - The information bottleneck method.pdf:pdf},
	isbn = {1364-6613 (Print)$\backslash$r1364-6613 (Linking)},
	issn = {0305-5728},
	pages = {1--11},
	pmid = {1000102605},
	primaryClass = {physics},
	title = {{The information bottleneck method}},
	url = {http://arxiv.org/abs/physics/0004057},
	year = {2000}
}
